@book{goodfellow2016deep,
  title={Deep learning},
  author={Goodfellow, Ian and Bengio, Yoshua and Courville, Aaron and Bengio, Yoshua},
  volume={1},
  year={2016},
  publisher={MIT press Cambridge}
}

@book{james2013introduction,
  title={An introduction to statistical learning},
  author={James, Gareth and Witten, Daniela and Hastie, Trevor and Tibshirani, Robert},
  volume={112},
  year={2013},
  publisher={Springer}
}

@article{bishop2006pattern,
  title={Pattern recognition and machine learning (information science and statistics) springer-verlag new york},
  author={Bishop, Christopher M},
  journal={Inc. Secaucus, NJ, USA},
  year={2006}
}

@article{loh2017autonomy,
  title={Autonomy and responsibility in hybrid systems},
  author={Loh, Wulf and Loh, Janina},
  journal={Robot Ethics 2.0: From Autonomous Cars to Artificial Intelligence},
  year={2017},
  publisher={Oxford University Press}
}

@book{lin2017robot,
  title={Robot Ethics 2.0: From Autonomous Cars to Artificial Intelligence},
  author={Lin, Patrick and Abney, Keith and Jenkins, Ryan},
  year={2017},
  publisher={Oxford University Press}
}

@article{gunning2016explainable,
  title={Explainable artificial intelligence (XAI): Technical report Defense Advanced Research Projects Agency DARPA-BAA-16-53},
  author={Gunning, David},
  journal={DARPA, Arlington, USA},
  year={2016}
}

@misc{gunningXAIProgram,
  title={Explainable Artificial Intelligence (XAI)},
  url={https://www.darpa.mil/program/explainable-artificial-intelligence},
  journal={Defense Advanced Research Projects Agency},
  author={Gunning, David}
}

@misc{sickeCellDisease,
  title={Sickle Cell Disease},
  url={https://www.nhlbi.nih.gov/health-topics/sickle-cell-disease},
  howpublished={\url{https://www.nhlbi.nih.gov/health-topics/sickle-cell-disease}},
  journal={National Heart Lung and Blood Institute},
  publisher={U.S. Department of Health and Human Services}
}

@article{goodman2017european,
  title={European Union regulations on algorithmic decision-making and a “right to explanation”},
  author={Goodman, Bryce and Flaxman, Seth},
  journal={AI Magazine},
  volume={38},
  number={3},
  pages={50--57},
  year={2017}
}

@article{bojarski2016end,
  title={End to end learning for self-driving cars},
  author={Bojarski, Mariusz and Del Testa, Davide and Dworakowski, Daniel and Firner, Bernhard and Flepp, Beat and Goyal, Prasoon and Jackel, Lawrence D and Monfort, Mathew and Muller, Urs and Zhang, Jiakai and others},
  journal={arXiv preprint arXiv:1604.07316},
  year={2016}
}

@article{awad2018moral,
  title={The moral machine experiment},
  author={Awad, Edmond and Dsouza, Sohan and Kim, Richard and Schulz, Jonathan and Henrich, Joseph and Shariff, Azim and Bonnefon, Jean-Fran{\c{c}}ois and Rahwan, Iyad},
  journal={Nature},
  volume={563},
  number={7729},
  pages={59},
  year={2018},
  publisher={Nature Publishing Group}
}

@misc{berkmanKleinCenterAI2017,
  title={Charting a Roadmap to Ensure Artificial Intelligence (AI) Benefits All},
  url={https://medium.com/berkman-klein-center/charting-a-roadmap-to-ensure-artificial-intelligence-ai-benefits-all-e322f23f8b59},
  journal={Medium},
  publisher={Berkman Klein Center Collection},
  author={Center, Berkman Klein and Berkman Klein Center},
  year={2017},
  month={Nov}
}

@misc{aiAndInclusionSymposium,
  title={Artificial Intelligence \& Inclusion},
  url={https://aiandinclusion.org/},
  howpublished={\url{https://aiandinclusion.org/}},
  journal={Artificial Intelligence & Inclusion},
  publisher={Ethics and Governance of Artificial Intelligence Initiative at the Berkman Klein Center for Internet & Society}
}

@inproceedings{gilpin2018explaining,
  title={Explaining Explanations: An Overview of Interpretability of Machine Learning},
  author={Gilpin, Leilani H and Bau, David and Yuan, Ben Z and Bajwa, Ayesha and Specter, Michael and Kagal, Lalana},
  booktitle={2018 IEEE 5th International Conference on Data Science and Advanced Analytics (DSAA)},
  pages={80--89},
  year={2018},
  organization={IEEE}
}

@article{wilson2019predictive,
  title={Predictive Inequity in Object Detection},
  author={Wilson, Benjamin and Hoffman, Judy and Morgenstern, Jamie},
  journal={arXiv preprint arXiv:1902.11097},
  year={2019}
}

@article{mhaskar2016deep,
  title={Deep vs. shallow networks: An approximation theory perspective},
  author={Mhaskar, Hrushikesh N and Poggio, Tomaso},
  journal={Analysis and Applications},
  volume={14},
  number={06},
  pages={829--848},
  year={2016},
  publisher={World Scientific}
}

@article{patrick2017robot,
  title={Robot Ethics 2.0: From Autonomous Cars to Artificial Intelligence},
  author={Patrick, Lin and Keith, Abney and Ryan, Jenkins},
  year={2017}
}

@misc{wyden2019bill,
  title={Wyden, Booker, Clarke Introduce Bill Requiring Companies To Target Bias In Corporate Algorithms},
  url={https://www.wyden.senate.gov/news/press-releases/wyden-booker-clarke-introduce-bill-requiring-companies-to-target-bias-in-corporate-algorithms-},
  journal={U.S. Senator Ron Wyden of Oregon},
  year={2019},
  month={Apr}
}

@article{blei2003latent,
  title={Latent dirichlet allocation},
  author={Blei, David M and Ng, Andrew Y and Jordan, Michael I},
  journal={Journal of machine Learning research},
  volume={3},
  number={Jan},
  pages={993--1022},
  year={2003}
}

@INPROCEEDINGS{nguyen2015fooled,
  author={A. {Nguyen} and J. {Yosinski} and J. {Clune}},
  booktitle={2015 IEEE Conference on Computer Vision and Pattern Recognition (CVPR)},
  title={Deep neural networks are easily fooled: High confidence predictions for unrecognizable images},
  year={2015},
  volume={},
  number={},
  pages={427-436},
  keywords={computer vision;convolution;evolutionary computation;image classification;neural nets;object recognition;deep neural networks;DNNs;unrecognizable images;pattern-recognition tasks;visual classification problems;computer vision;image labeling;recognizable objects;convolutional neural networks;ImageNet datasets;MNIST datasets;evolutionary algorithms;gradient ascent;fooling images;Biomedical imaging;Keyboards;Volcanoes},
  doi={10.1109/CVPR.2015.7298640},
  ISSN={1063-6919},
  month={June}
}

@inproceedings{ribeiro2016should,
  title={Why should i trust you?: Explaining the predictions of any classifier},
  author={Ribeiro, Marco Tulio and Singh, Sameer and Guestrin, Carlos},
  booktitle={Proceedings of the 22nd ACM SIGKDD international conference on knowledge discovery and data mining},
  pages={1135--1144},
  year={2016},
  organization={ACM}
}

@article{baehrens2010explain,
  title={How to explain individual classification decisions},
  author={Baehrens, David and Schroeter, Timon and Harmeling, Stefan and Kawanabe, Motoaki and Hansen, Katja and M{\~A}{\v{z}}ller, Klaus-Robert},
  journal={Journal of Machine Learning Research},
  volume={11},
  number={Jun},
  pages={1803--1831},
  year={2010}
}

@inproceedings{bansal2014towards,
  title={Towards transparent systems: Semantic characterization of failure modes},
  author={Bansal, Aayush and Farhadi, Ali and Parikh, Devi},
  booktitle={European Conference on Computer Vision},
  pages={366--381},
  year={2014},
  organization={Springer}
}

@inproceedings{zilke2016deepred,
  title={DeepRED--Rule extraction from deep neural networks},
  author={Zilke, Jan Ruben and Menc{\'\i}a, Eneldo Loza and Janssen, Frederik},
  booktitle={International Conference on Discovery Science},
  pages={457--473},
  year={2016},
  organization={Springer}
}
